@inproceedings{COSN2014-cost1,
 author = {Cohen, Edith and Delling, Daniel and Pajor, Thomas and Werneck, Renato F.},
 title = {Computing Classic Closeness Centrality, at Scale},
 booktitle = {Proceedings of the Second ACM Conference on Online Social Networks},
 series = {COSN '14},
 year = {2014},
 isbn = {978-1-4503-3198-2},
 location = {Dublin, Ireland},
 pages = {37--50},
 numpages = {14},
 doi = {10.1145/2660460.2660465},
 acmid = {2660465},
 publisher = {ACM},
 address = {New York, NY, USA},
 keywords = {centrality, estimation, pivoting, sampling},
}

@inproceedings{COSN2014-cost2,
 author = {Motamedi, Reza and Rejaie, Reza and Willinger, Walter and Lowd, Daniel and Gonzalez, Roberto},
 title = {Inferring Coarse Views of Connectivity in Very Large Graphs},
 booktitle = {Proceedings of the Second ACM Conference on Online Social Networks},
 series = {COSN '14},
 year = {2014},
 isbn = {978-1-4503-3198-2},
 location = {Dublin, Ireland},
 pages = {191--202},
 numpages = {12},
 doi = {10.1145/2660460.2660480},
 acmid = {2660480},
 publisher = {ACM},
 address = {New York, NY, USA},
 keywords = {clustering, community detection, graph coarsening, graph partitioning, scalability},
}

@inproceedings{COSN2013,
 author = {Etter, Vincent and Grossglauser, Matthias and Thiran, Patrick},
 title = {Launch Hard or Go Home!: Predicting the Success of Kickstarter Campaigns},
 booktitle = {Proceedings of the First ACM Conference on Online Social Networks},
 series = {COSN '13},
 year = {2013},
 isbn = {978-1-4503-2084-9},
 location = {Boston, Massachusetts, USA},
 pages = {177--182},
 numpages = {6},
 doi = {10.1145/2512938.2512957},
 acmid = {2512957},
 publisher = {ACM},
 address = {New York, NY, USA},
}

@book{coefficients,
year={2014},
publisher={Wiley},
author={Gregory W. Corder and Dale I. Foreman },
title={Nonparametric Statistics: A Step-by-Step Approach }
}

@book{svr,
year={2011},
publisher={Springer Series in Statistics},
author={Trevor Hastie and Robert Tibshirani  and Jerome Friedman },
title={The Elements of Statistical Learning: Data Mining, Inference, and Prediction}
}

@InProceedings{anagnostopoulos2012online,
 author = {Anagnostopoulos, Aris and Becchetti, Luca and Castillo, Carlos and Gionis, Aristides and Leonardi, Stefano},
 title = {Online Team Formation in Social Networks},
 booktitle = {Proceedings of the 21st International Conference on World Wide Web},
 series = {WWW '12},
 year = {2012},
 isbn = {978-1-4503-1229-5},
 location = {Lyon, France},
 pages = {839--848},
 numpages = {10},
 url = {http://doi.acm.org/10.1145/2187836.2187950},
 doi = {10.1145/2187836.2187950},
 acmid = {2187950},
 publisher = {ACM},
 address = {New York, NY, USA},
 keywords = {scheduling, task assignment, team formation},
}

@Article{baker1991,
  Title                    = {{Role as resource in the Hollywood film industry}},
  Author                   = {Baker, W. E. and Faulkner, R.R.},
  Journal                  = {American J. of Sociology},
  Year                     = {1991},
  Pages                    = {279--309},
  Volume                   = {97}
}

@Book{burt2009structural,
  Title                    = {Structural holes: The social structure of competition},
  Author                   = {Burt, Ronald S},
  Publisher                = {Harvard university press},
  Year                     = {2009}
}

@Book{burt2005brokerage,
  Title                    = {Brokerage and closure: An introduction to social capital},
  Author                   = {Burt, Ronald S},
  Publisher                = {Oxford University Press},
  Year                     = {2005}
}

@Article{Burt04,
  Title                    = {{Structural Holes and Good Ideas}},
  Author                   = {Burt, Ronald S.},
  Journal                  = {The American Journal of Sociology},
  Year                     = {2004},
  Number                   = {2},
  Pages                    = {349-399},
  Volume                   = {110},
  Publisher                = {The University of Chicago Press}
}

@Article{chen2010impact,
title = {The impact of small world on innovation: An empirical study of 16 countries},
author = {Chen, Zifeng and Guan, Jiancheng},
year = {2010},
journal = {Journal of Informetrics},
volume = {4},
number = {1},
pages = {97-106},
Publisher = {Elsevier}
}

@Book{Easley2010,
  Title                    = {{Networks, Crowds, and Markets: Reasoning About a Highly Connected World}},
  Author                   = {David Easley  and Jon Kleinberg},
  Publisher                = {Cambridge University Press},
  Year                     = {2010},
}

@Article{elberse2007power,
  Title                    = {The power of stars: Do star actors drive the success of movies?},
  Author                   = {Elberse, Anita},
  Journal                  = {Journal of Marketing},
  Year                     = {2007},
  Number                   = {4},
  Pages                    = {102--120},
  Volume                   = {71},
  Publisher                = {American Marketing Association}
}

@Article{fields2011analysis,
  Title                    = {Analysis and exploitation of musician social networks for recommendation and discovery},
  Author                   = {Fields, Ben and Jacobson, Kurt and Rhodes, Christophe and d'Inverno, Mark and Sandler, Mark and Casey, Michael},
  Journal                  = {IEEE Transactions on Multimedia},
  Year                     = {2011},
  Number                   = {4},
  Pages                    = {674--686},
  Volume                   = {13},
  Publisher                = {IEEE}
}

@Article{Ghiassi2015,
  author = {M. Ghiassi and David Lio and Brian Moon},
  title = {Pre-production forecasting of movie revenues with a dynamic artificial neural network },
  journal = {Expert Systems with Applications },
  year = {2015},
  volume = {42},
  pages = {3176 - 3193},
  number = {6},
  doi = {http://dx.doi.org/10.1016/j.eswa.2014.11.022}
}

@Article{grund2012network,
  Title                    = {Network structure and team performance: The case of English Premier League soccer teams},
  Author                   = {Grund, Thomas U},
  Journal                  = {Social Networks},
  Year                     = {2012},
  Number                   = {4},
  Pages                    = {682--690},
  Volume                   = {34},
  Publisher                = {Elsevier}
}

@Article{GunnA15,
  Title                    = {Dynamic heterogeneous team formation for robotic urban search and
 rescue},
  Author                   = {Tyler J. Gunn and
 John Anderson},
  Journal                  = {J. Comput. Syst. Sci.},
  Year                     = {2015},
  Number                   = {3},
  Pages                    = {553--567},
  Volume                   = {81},
  Url                      = {http://dx.doi.org/10.1016/j.jcss.2014.11.009}
}

@Article{hybbeneth2013increasing,
  Title                    = {Increasing Knowledge Worker Efficiency through a" Virtual Mirror" of the Social Network},
  Author                   = {Hybbeneth, Stori and Brunnberg, Dirk and Gloor, Peter A},
  Journal                  = {arXiv preprint arXiv:1308.1162},
  Year                     = {2013}
}

@Article{KimKHC13,
  Title                    = {A user opinion and metadata mining scheme for predicting box office
 performance of movies in the social network environment},
  Author                   = {Daehoon Kim and
 Daeyong Kim and
 Eenjun Hwang and
 Hong{-}Gu Choi},
  Journal                  = {The New Review of Hypermedia and Multimedia},
  Year                     = {2013},
  Number                   = {3-4},
  Pages                    = {259--272},
  Volume                   = {19},
  Doi                      = {10.1080/13614568.2013.835450}
}

@Article{kleinberg2008strategic,
  Title                    = {Strategic Network Formation with Structural Holes},
  Author                   = {Kleinberg, Jon and Suri, Siddharth and Tardos, {\'E}va and Wexler, Tom},
  Journal                  = {SIGecom Exch.},
  Year                     = {2008},
  Number                   = {3},
  Pages                    = {11:1--11:4},
  Volume                   = {7},
  Doi                      = {10.1145/1486877.1486888},
  Publisher                = {ACM}
}

@Article{LiLY2013,
  Title                    = {{Co-authorship networks and research impact: A social capital perspective}},
  Author                   = {Li, Eldon Y. and Liao, Chien Hsiang and Yen, Hsiuju Rebecca},
  Journal                  = {Research Policy},
  Year                     = {2013},
  Number                   = {9},
  Pages                    = {1515-1530},
  Volume                   = {42},
  Keywords                 = {Social capital; Research impact; Social network analysis; Research collaboration; Team exploration; },
  Url                      = {http://ideas.repec.org/a/eee/respol/v42y2013i9p1515-1530.html}
}

@TechReport{lutter2013there,
  Title                    = {{Is there a closure penalty? Cohesive network structures, diversity, and gender inequalities in career advancement}},
  Author                   = {Lutter, Mark},
  Institution              = {MPIfG (Max-Planck-Institut f\"{u}r Gesellschaftsforschung)},
  Year                     = {2013},
  Address                  = {Germany},
  Number                   = {13/9},
  Url                      = {http://www.econstor.eu/handle/10419/81129}
}

@Article{melo2012,
  Title                    = {{Forecasting in the NBA and other team sports: Network effects in action}},
  Author                   = {de Melo, Pedro O. S. Vaz and Almeida, VirgÂ’lio A. F. and Loureiro, Antonio Alfredo Ferreira and Faloutsos, Christos},
  Journal                  = {TKDD},
  Year                     = {2012},
  Number                   = {3},
  Pages                    = {13},
  Volume                   = {6},
  Biburl                   = {http://www.bibsonomy.org/bibtex/2efd6b20a2af63892c9a306d38ac9cf47/dblp},
  Ee                       = {http://doi.acm.org/10.1145/2362383.2362387},
}

@InProceedings{nemoto2011social,
 author = {Nemoto, Keiichi and Gloor, Peter and Laubacher, Robert},
 title = {Social Capital Increases Efficiency of Collaboration Among Wikipedia Editors},
 booktitle = {Proceedings of the 22Nd ACM Conference on Hypertext and Hypermedia},
 series = {HT '11},
 year = {2011},
 isbn = {978-1-4503-0256-2},
 location = {Eindhoven, The Netherlands},
 pages = {231--240},
 numpages = {10},
 doi = {10.1145/1995966.1995997},
 acmid = {1995997},
 publisher = {ACM},
 address = {New York, NY, USA},
}

@Article{newman2003structure,
  author = {M. E. J. Newman},
  title = {The Structure and Function of Complex Networks},
  journal = {SIAM Review},
  volume = {45},
  number = {2},
  pages = {167-256},
  year = {2003},
  doi = {10.1137/S003614450342480},
}

@Article{newman2001scientific,
    title = {Scientific collaboration networks. II. Shortest paths, weighted networks, and centrality},
    author = {Newman, M. E. J.},
    Journal = {Physical review E},
    volume = {64},
    issue = {1},
    Number = {1},
    pages = {016132},
    numpages = {7},
    year = {2001},
    month = {Jun},
    publisher = {American Physical Society},
    doi = {10.1103/PhysRevE.64.016132},
  }

@Article{newman2001,
  Title                    = {Network Effects: Random graphs with
 arbitrary degree distributions and their applications.},
  Author                   = {M. E. Newman and S. H. Strogatz and and D. J. Watts},
  Journal                  = {Phys. Rev. E Stat. Nonlin Soft Matter Phys},
  Year                     = {2001},
  Number                   = {2},
  Volume                   = {64}
}

@InProceedings{OghinaBTR2012,
 author = {Oghina, Andrei and Breuss, Mathias and Tsagkias, Manos and de Rijke, Maarten},
 title = {Predicting IMDB Movie Ratings Using Social Media},
 booktitle = {Proceedings of the 34th European Conference on Advances in Information Retrieval},
 series = {ECIR'12},
 year = {2012},
 isbn = {978-3-642-28996-5},
 location = {Barcelona, Spain},
 pages = {503--507},
 numpages = {5},
 doi = {10.1007/978-3-642-28997-2_51},
 acmid = {2260703},
 publisher = {Springer-Verlag},
 address = {Berlin, Heidelberg},
} 

@InProceedings{PapagelisMZ11,
 author = {Papagelis, Manos and Murdock, Vanessa and van Zwol, Roelof},
 title = {Individual Behavior and Social Influence in Online Social Systems},
 booktitle = {Proceedings of the 22Nd ACM Conference on Hypertext and Hypermedia},
 series = {HT '11},
 year = {2011},
 isbn = {978-1-4503-0256-2},
 location = {Eindhoven, The Netherlands},
 pages = {241--250},
 numpages = {10},
 url = {http://doi.acm.org/10.1145/1995966.1995998},
 doi = {10.1145/1995966.1995998},
 acmid = {1995998},
 publisher = {ACM},
 address = {New York, NY, USA},
 keywords = {behavior, diffusion, geotagging, influence, social networks},
} 

@Article{park2007social,
  Title                    = {The social network of contemporary popular musicians},
  Author                   = {Park, Juyong and Celma, Oscar and Koppenberger, Markus and Cano, Pedro and Buld{\'u}, Javier M},
  Journal                  = {International Journal of Bifurcation and Chaos},
  Year                     = {2007},
  Number                   = {07},
  Pages                    = {2281--2288},
  Volume                   = {17},
  Publisher                = {World Scientific}
}

@InProceedings{Rebehy2013,
 author = {Rebehy, Sayed and Chung, Kon Shing Kenneth},
 title = {Measuring Performance \&\#38; Interrelatedness in Social Networks of Knowledge Workers},
 booktitle = {Proceedings of the 2013 IEEE/ACM International Conference on Advances in Social Networks Analysis and Mining},
 series = {ASONAM '13},
 year = {2013},
 isbn = {978-1-4503-2240-9},
 location = {Niagara, Ontario, Canada},
 pages = {910--915},
 numpages = {6},
 doi = {10.1145/2492517.2500330},
 acmid = {2500330},
 publisher = {ACM},
 address = {New York, NY, USA},
}

@Article{schilling2007interfirm,
  Title                    = {Interfirm collaboration networks: The impact of large-scale network structure on firm innovation},
  Author                   = {Schilling, Melissa A and Phelps, Corey C},
  Journal                  = {Management Science},
  Year                     = {2007},
  Number                   = {7},
  Pages                    = {1113--1126},
  Volume                   = {53},
  Publisher                = {INFORMS}
}

@Article{singh2011network,
  Title                    = {Network Effects: The Influence of Structural Capital on Open Source Project Success.},
  Author                   = {Singh, Param Vir and Tan, Yong and Mookerjee, Vijay},
  Journal                  = {MIS Quarterly},
  Year                     = {2011},
  Number                   = {4},
  Volume                   = {35},
  Pages                    = {813--829}
}

@Article{stokols2008,
  Title                    = {The science of team science: overview of the field and introduction to the supplement.},
  Author                   = {D Stokols and K.L. Hall and B.K. Taylor and R. Moser },
  Journal                  = {American Journal of Preventive Medicine},
  Year                     = {2008},
  Number                   = {2},
  Pages                    = {77-89},
  Volume                   = {35}
}

@Article{szekely2007measuring,
  Title                    = {Measuring and testing dependence by correlation of distances},
  Author                   = {Sz{\'e}kely, G{\'a}bor J and Rizzo, Maria L and Bakirov, Nail K and others},
  Journal                  = {The Annals of Statistics},
  Year                     = {2007},
  Number                   = {6},
  Pages                    = {2769--2794},
  Volume                   = {35},
  Publisher                = {Institute of Mathematical Statistics}
}

@Article{tseng2004novel,
  Title                    = {Novel approach to multi-functional project team formation},
  Author                   = {Tseng, Tzu-Liang Bill and Huang, Chun-Che and Chu, How-Wei and Gung, Roger R},
  Journal                  = {International Journal of Project Management},
  Year                     = {2004},
  Number                   = {2},
  Pages                    = {147--159},
  Volume                   = {22},
  Publisher                = {Elsevier}
}

@Article{uzzi2005collaboration,
  Title                    = {Collaboration and Creativity: The Small World Problem},
  Author                   = {Uzzi, Brian and Spiro, Jarrett},
  Journal                  = {American journal of sociology},
  Year                     = {2005},
  Number                   = {2},
  Pages                    = {447--504},
  Volume                   = {111},
  Publisher                = {JSTOR}
}

@Article{wasserman2015cross,
  Title                    = {Cross-evaluation of metrics to estimate the significance of creative works},
  Author                   = {Wasserman, Max and Zeng, Xiao Han T and Amaral, Lu{\'\i}s A Nunes},
  Journal                  = {Proceedings of the National Academy of Sciences},
  Year                     = {2015},
  Pages                    = {1281--1286},
  Volume                   = {112},
  Number                   = {5},
  Publisher                = {National Acad Sciences}
}

@Article{watts1998collective,
  Title                    = {Collective dynamics of small-world networks},
  Author                   = {Watts, Duncan J and Strogatz, Steven H},
  Journal                  = {nature},
  Year                     = {1998},
  Number                   = {6684},
  Pages                    = {440--442},
  Volume                   = {393},
  Publisher                = {Nature Publishing Group}
}

@Article{wi2009team,
  Title                    = {A team formation model based on knowledge and collaboration},
  Author                   = {Wi, Hyeongon and Oh, Seungjin and Mun, Jungtae and Jung, Mooyoung},
  Journal                  = {Expert Systems with Applications},
  Year                     = {2009},
  Number                   = {5},
  Pages                    = {9121--9134},
  Volume                   = {36},
  Publisher                = {Elsevier}
}

@article{lind2005cycles,
  title={Cycles and clustering in bipartite networks},
  author={Lind, Pedro G and Gonz{\'a}lez, Marta C and Herrmann, Hans J},
  journal={Physical review E},
  volume={72},
  number={5},
  pages={056127},
  year={2005},
  publisher={APS}
}

@book{west2001introduction,
  title={Introduction to graph theory},
  author={West, Douglas Brent and others},
  volume={2},
  year={2001},
  publisher={Prentice hall Upper Saddle River}
}

@article{mackay1992bayesian,
  title={Bayesian interpolation},
  author={MacKay, David JC},
  journal={Neural computation},
  volume={4},
  number={3},
  pages={415--447},
  year={1992},
  publisher={MIT Press}
}

@article{newman2001structure,
  author = {Newman, M. E. J.},
  doi = {10.1073/pnas.98.2.404},
  journal = {Proceedings of the National Academy of Sciences},
  number = 2,
  pages = {404--409},
  title = {The structure of scientific collaboration networks},
  volume = 98,
  year = 2001
}

@book{gross2005graph,
  title={Graph theory and its applications},
  author={Gross, Jonathan L and Yellen, Jay},
  year={2005},
  publisher={CRC press}
}

@book{newman2010networks,
title={Networks: an introduction},
author={Newman, Mark},
year={2010},
publisher={Oxford University Press}
}

@book{murphy2012machine,
  title={Machine learning: a probabilistic perspective},
  author={Murphy, Kevin P},
  year={2012},
  publisher={MIT press}
}

@article{anthonisse1971rush,
  title={The rush in a directed graph},
  author={Anthonisse, Jac M},
  journal={Stichting Mathematisch Centrum. Mathematische Besliskunde},
  number={BN 9/71},
  pages={1--10},
  year={1971},
  publisher={Stichting Mathematisch Centrum}
}

@article{bavelas,
author = {Alex Bavelas},
title = {A Mathematical Model for Group Structures},
journal = {Human Organization},
volume = {7},
number = {3},
pages = {16-30},
year = {1948},
doi = {10.17730/humo.7.3.f4033344851gl053},
}

@article{Holland01051971,
author = {Holland, Paul W. and Leinhardt, Samuel}, 
title = {Transitivity in Structural Models of Small Groups},
volume = {2}, 
number = {2}, 
pages = {107-124}, 
year = {1971}, 
doi = {10.1177/104649647100200201}, 
URL = {http://sgr.sagepub.com/content/2/2/107.short}, 
eprint = {http://sgr.sagepub.com/content/2/2/107.full.pdf+html}, 
journal = {Small Group Research} 
}

@book{mohri2012foundations,
  title={Foundations of machine learning},
  author={Mohri, Mehryar and Rostamizadeh, Afshin and Talwalkar, Ameet},
  year={2012},
  publisher={MIT press}
}

@article{smola1997support,
  title={Support vector regression machines},
  author={Smola, Alex and Vapnik, Vladimir},
  journal={Advances in neural information processing systems},
  volume={9},
  pages={155--161},
  year={1997}
}

@article{hoerl1970ridge,
  title={Ridge regression: Biased estimation for nonorthogonal problems},
  author={Hoerl, Arthur E and Kennard, Robert W},
  journal={Technometrics},
  volume={12},
  number={1},
  pages={55--67},
  year={1970},
  publisher={Taylor \& Francis Group}
}


@inproceedings{aggregation,
 author = {Schuster, Alfons and Dubitzky, Werner and Lopes, Philippe and Adamson, Kenneth and Bell, David A. and Hughes, John G. and White, John A.},
 title = {Aggregating Features and Matching Cases on Vague Linguistic Expressions},
 booktitle = {Proceedings of the 15th International Joint Conference on Artifical Intelligence - Volume 1},
 series = {IJCAI'97},
 year = {1997},
 isbn = {1-555860-480-4},
 location = {Nagoya, Japan},
 pages = {252--257},
 numpages = {6},
 url = {http://dl.acm.org/citation.cfm?id=1624162.1624200},
 acmid = {1624200},
 publisher = {Morgan Kaufmann Publishers Inc.},
 address = {San Francisco, CA, USA},
}

@inproceedings{laweb,
 author = {Viana, Wladston and Santos, Pedro Onofre and Silva, Ana Paula Couto da and Moro, Mirella M.},
 title = {A Network Analysis on Movie Producing Teams and Their Success},
 booktitle = {Proceedings of the 2014 9th Latin American Web Congress},
 series = {LA-WEB '14},
 year = {2014},
 isbn = {978-1-4799-6953-1},
 pages = {68--76},
 numpages = {9},
 url = {http://dx.doi.org/10.1109/LAWeb.2014.10},
 doi = {10.1109/LAWeb.2014.10},
 acmid = {2708863},
 publisher = {IEEE Computer Society},
 address = {Washington, DC, USA},
 keywords = {Social Networks, Topological and Non-Topological Metrics, Team Success, IMDb},
}

@inproceedings{sac,
 author = {Viana, Wladston and Silva, Ana Paula Couto da and Moro, Mirella M.},
 title = {Pick the Right Team and Make a Blockbuster: a Social Analysis through Movie History},
 booktitle = {Proceedings of the 31th Annual ACM Symposium on Applied Computing},
 series = {SAC '16},
 year = {2016},
 location = {Pisa, Italy},
 publisher = {ACM},
 address = {New York, NY, USA},
 keywords = {Movie Network, Topological Features, Success Prediction},
}

@book{bakker2008entertainment,
  title={Entertainment industrialised: the emergence of the international film industry, 1890-1940},
  author={Bakker, Gerben},
  year={2008},
  publisher={Cambridge University Press}
}

@book{bolstad2013introduction,
  title={Introduction to Bayesian statistics},
  author={Bolstad, William M},
  year={2013},
  publisher={John Wiley \& Sons}
}

@article{ASI:ASI23213,
author = {Wasserman, Max and Mukherjee, Satyam and Scott, Konner and Zeng, Xiao Han T. and Radicchi, Filippo and Amaral, LuÃ­s A. N.},
title = {Correlations between user voting data, budget, and box office for films in the internet movie database},
journal = {Journal of the Association for Information Science and Technology},
volume = {66},
number = {4},
issn = {2330-1643},
url = {http://dx.doi.org/10.1002/asi.23213},
doi = {10.1002/asi.23213},
pages = {858--868},
keywords = {meta analysis, films (motion pictures), online databases},
year = {2015},
}

@article{pearson,
 jstor_articletype = {research-article},
 title = {Note on Regression and Inheritance in the Case of Two Parents},
 author = {Pearson, Karl},
 journal = {Proceedings of the Royal Society of London},
 jstor_issuetitle = {},
 volume = {58},
 number = {},
 jstor_formatteddate = {1895},
 pages = {pp. 240-242},
 url = {http://www.jstor.org/stable/115794},
 ISSN = {03701662},
 abstract = {},
 language = {English},
 year = {1895},
 publisher = {The Royal Society},
 copyright = {Copyright Â© 1895 The Royal Society},
}

@article{spearman1904proof,
  title={The proof and measurement of association between two things},
  author={Spearman, Charles},
  journal={The American journal of psychology},
  volume={15},
  number={1},
  pages={72--101},
  year={1904},
  publisher={JSTOR}
}
